<?xml version="1.0" encoding="UTF-8"?><record xmlns="http://www.loc.gov/MARC21/slim" xmlns:cinclude="http://apache.org/cocoon/include/1.0" xmlns:zs="http://www.loc.gov/zing/srw/">
  <leader>00524cz  a2200181n  4500</leader>
  <controlfield tag="001">no2003000909</controlfield>
  <controlfield tag="003">DLC</controlfield>
  <controlfield tag="005">20080105075026.0</controlfield>
  <controlfield tag="008">030106n| acannaabn          |a ana      </controlfield>
  <datafield tag="010" ind1=" " ind2=" ">
    <subfield code="a">no2003000909</subfield>
  </datafield>
  <datafield tag="035" ind1=" " ind2=" ">
    <subfield code="a">(OCoLC)oca05943762</subfield>
  </datafield>
  <datafield tag="040" ind1=" " ind2=" ">
    <subfield code="a">DLC-OB</subfield>
    <subfield code="b">eng</subfield>
    <subfield code="c">DLC-OB</subfield>
    <subfield code="d">P</subfield>
    <subfield code="d">DLC</subfield>
  </datafield>
  <datafield tag="053" ind1=" " ind2="0">
    <subfield code="a">ML421.L395</subfield>
    <subfield code="c">Biography</subfield>
  </datafield>
  <datafield tag="110" ind1="2" ind2=" ">
    <subfield code="a">Leandro e Leonardo</subfield>
  </datafield>
  <datafield tag="410" ind1="2" ind2=" ">
    <subfield code="a">Leandro &amp; Leonardo</subfield>
  </datafield>
  <datafield tag="500" ind1="0" ind2=" ">
    <subfield code="a">Leandro,</subfield>
    <subfield code="d">1961-1998</subfield>
  </datafield>
  <datafield tag="500" ind1="0" ind2=" ">
    <subfield code="a">Leonardo,</subfield>
    <subfield code="d">1963-</subfield>
  </datafield>
  <datafield tag="670" ind1=" " ind2=" ">
    <subfield code="a">Leandro &amp; Leonardo, 1999:</subfield>
    <subfield code="b">t.p. (Leandro e Leonardo, popular musical duo)</subfield>
  </datafield>
</record>